@article{spalart_2000,
  title = {Strategies for turbulence modelling and simulations},
  journal = {International Journal of Heat and Fluid Flow},
  volume = {21},
  number = {3},
  pages = {252-263},
  year = {2000},
  issn = {0142-727X},
  doi = {https://doi.org/10.1016/S0142-727X(00)00007-2},
  url = {https://www.sciencedirect.com/science/article/pii/S0142727X00000072},
  author = {P.R Spalart},
  keywords = {Turbulence, Aerodynamics, Simulation}
}
